@Book{latex,
    author    = {Leslie Lamport},
    publisher = {Pearson / Prentice Hall},
    title     = {\LaTeX - {A} Document Preparation System: User's Guide and Reference Manual, Second Edition},
    year      = {1994},
    isbn      = {978-0-201-52983-8},
    bibsource = {dblp computer science bibliography, https://dblp.org},
    biburl    = {https://dblp.org/rec/books/daglib/0023602.bib},
}

@Unpublished{bibtex,
  author = {Oren Patashnik},
  date   = {1988-02-08},
  title  = {{Bib\TeX ing}},
  note   = {Documentation for general BibTeX users},
  url    = {http://mirrors.ctan.org/biblio/bibtex/base/btxdoc.pdf},
  month  = {2},
  year   = {1988},
}

@SoftwareModule{ctan-pdftex,
  author   = {Hàn Thế Thành},
  subtitle = {A \TeX\ extension for direct creation of PDF},
  url      = {https://ctan.org/pkg/pdftex},
  license  = {GNU General Public License},
  urldate  = {2023-03-30},
  title    = {\hologo{pdfTeX}},
}

@SoftwareModule{ctan-xetex,
  author   = {Jonathan Kew and Arthur Rosendahl and others},
  subtitle = {An extended variant of \TeX\ for use with Unicode sources},
  url      = {https://ctan.org/pkg/xetex},
  license  = {X11 License},
  urldate  = {2023-03-30},
  title    = {\hologo{XeTeX}},
}

@SoftwareModule{ctan-luatex,
  author   = {{The \hologo{LuaTeX} Team}},
  subtitle = {The {\hologo{LuaTeX}} engine},
  url      = {https://ctan.org/pkg/luatex},
  license  = {GNU General Public License v2 or newer},
  urldate  = {2023-03-30},
  title    = {\hologo{LuaTeX}},
}

@SoftwareModule{ctan-dvips,
  author   = {Tom Rokicki and {The \TeX Live Team}},
  subtitle = {A DVI to PostScript driver},
  url      = {https://ctan.org/pkg/dvips},
  urldate  = {2023-03-30},
  title    = {dvips},
}

@SoftwareModule{ctan-dvipdfmx,
  author   = {Shunsaku Hirata and {The \TeX Live Team} and others},
  subtitle = {An extended version of dvipdfm},
  url      = {https://ctan.org/pkg/dvipdfmx},
  license  = {GNU General Public License},
  urldate  = {2023-03-30},
  title    = {dvipdfmx},
}

@Online{ctan,
  date     = {2023-03-28},
  title    = {CTAN},
  url      = {https://ctan.org},
  subtitle = {Comprehensive \TeX\ Archive Network},
}

@Software{detexify,
  author       = {Daniel Kirsch},
  title        = {Detexify},
  howpublished = {Code: \url{https://github.com/kirel/detexify}},
  subtitle     = {LaTeX handwritten symbol recognition},
  url          = {https://detexify.kirelabs.org/classify.html},
  urldate      = {2023-03-30},
}

@Manual{overleaf-bibtex,
  author  = {{Digital Science UK Ltd.}},
  title   = {Bibliography management with bibtex},
  series  = {Overleaf Documentation},
  url     = {https://www.overleaf.com/learn/latex/Bibliography_management_with_bibtex},
  urldate = {2023-03-30},
}

@SoftwareModule{ctan-latexmk,
  author   = {John Collins and others},
  subtitle = {Fully automated \LaTeX\ document generation},
  url      = {https://www.ctan.org/pkg/latexmk},
  urldate  = {2023-03-30},
  title    = {latexmk},
}

@Software{tectonic,
  author  = {{The Tectonic Project}},
  title   = {The Tectonic Typesetting System},
  url     = {https://tectonic-typesetting.github.io/book/latest/},
  urldate = {2023-03-28},
}

@Manual{overleaf-biblatex,
  author  = {{Digital Science UK Ltd.}},
  title   = {Bibliography management with biblatex},
  series  = {Overleaf Documentation},
  url     = {https://www.overleaf.com/learn/latex/Bibliography_management_with_biblatex},
  urldate = {2023-03-30},
}

@Online{google-scholar,
  author = {{Google Inc.}},
  date   = {2023-03-29},
  title  = {Google Scholar},
  url    = {https://scholar.google.com/},
}

@Online{dblp,
  author = {{Schloss Dagstuhl – Leibniz Center for Informatics}},
  date   = {2023-03-29},
  title  = {dblp computer science bibliography},
  url    = {https://dblp.org},
}

@Software{jabref,
  author   = {{JabRef Development Team}},
  title    = {JabRef},
  subtitle = {An open-source, cross-platform citation and reference management software},
  url      = {https://www.jabref.org/},
  version  = {5.9},
  year     = {2023},
}

@SoftwareModule{ctan-biblatex,
  author   = {Philip Kime and others},
  subtitle = {Sophisticated Bibliographies in \LaTeX},
  url      = {https://ctan.org/pkg/biblatex},
  urldate  = {2023-03-30},
  title    = {{\BibLaTeX}},
}

@Manual{biblatex,
  author  = {Philip Kime and Moritz Wemheuer and Philipp Lehman},
  date    = {2021-05-28},
  title   = {Das \texttt{biblatex} Paket},
  edition = {3.15b},
  url     = {https://ctan.net/info/translations/biblatex/de/biblatex-de-Benutzerhandbuch.pdf},
}

@Online{ieee-xplore,
  date  = {2023-04-11},
  title = {IEEE Xplore},
  url   = {https://ieeexplore.ieee.org/Xplore/home.jsp},
}

@Comment{jabref-meta: databaseType:biblatex;}

@Comment{jabref-meta: fileDirectoryLatex-nzbr-pulsar:C:\\Users\\nzbr\\Documents\\Uni\\Proseminar\\out;}

@Comment{jabref-meta: saveActions:disabled;
all-text-fields[identity]
date[normalize_date]
month[normalize_month]
pages[normalize_page_numbers]
;}
