@Article{crackers-demosceners,
  author       = {Markku Reunanen},
  date         = {2014-04-15},
  journaltitle = {WiderScreen},
  title        = {How those crackers became us demosceners},
  issue        = {1-2},
  url          = {http://widerscreen.fi/numerot/2014-1-2/crackers-became-us-demosceners/},
  volume       = {17},
  abstract     = {Numerous authors ranging from hobbyists to researchers have tried to explain the roots of the demoscene in their texts. Most often such histories have been brief and almost identical to each other: first appeared crackers with their crack intros, which then evolved into the demoscene during the late 1980s. In this article, I shall reiterate the canonical story and offer new perspectives to the events that led to the purported separation of the two communities. I approach the topic by looking at it from three different angles: first by dissecting the canonical story, then through the recollections of early hobbyists, and finally by comparing the two to the discussions found in contemporary texts. Based on the findings, the divergence between the two scenes was the outcome of a number of parallel developments, and was neither as clear-cut nor rapid as often portrayed.},
}

@Misc{demos-explained,
  author  = {Jim Leonard},
  date    = {1998-09-21},
  title   = {{PC Demos Explained}},
  url     = {http://www.oldskool.org/demos/explained/explained/demos.html},
  urldate = {2023-09-05},
}

@Book{kunst-code-maschine,
  author    = {Daniel Botz},
  date      = {2011},
  title     = {Kunst, Code und Maschine},
  isbn      = {978-3-8376-1749-8},
  location  = {Bielefeld},
  pagetotal = {423},
  publisher = {transcript Verlag},
  series    = {Kultur- und Medientheorie},
  subtitle  = {Die Ästhetik der Computer-Demoszene},
  ppn_gvk   = {661742113},
}

@Software{pouet,
  title   = {Pouët},
  url     = {https://pouet.net},
  urldate = {2023-09-05},
}

@Article{illegal-guys,
  author       = {Patryk Wasiak},
  date         = {2012-09},
  journaltitle = {Zeithistorische Forschungen},
  title        = {‘Illegal Guys’. A History of Digital Subcultures in Europe during the 1980s},
  doi          = {10.14765/zzf.dok-1595},
  issn         = {1612-6041},
  number       = {2},
  pages        = {257--276},
  url          = {https://zeithistorische-forschungen.de/2-2012/4746},
  volume       = {9 (2012)},
  abstract     = {In the 1980s, when computers became affordable for private households, a hacker or cracking scene, which was the term used by members of this subculture, developed in several western and northwestern European countries. These (almost exclusively male) groups of adolescents ‘cracked’, copied and exchanged computer games. On the basis of magazines and published interviews with former members of this scene, this article shows how cracking became an important current in the broad spectrum of teenage subculture – with specific ethical codes and rituals of masculinity. Its members were by no means lone specialists who eschewed contact with the outside world, but rather developed their own forms of community and communication. This scene did not construe itself as a political counter-culture; it was rather part of the diversifying popular and consumer culture of the 1980s. In the early 1990s, when law enforcing agencies began to prosecute software piracy more resolutely, this computer subculture began to fade. However, it lived on in the field of computer graphics, in electronic music and in the growing IT sector.
 ∗       ∗       ∗
In den 1980er-Jahren, als Computer auch für den privaten Gebrauch erschwinglich wurden, entstand in mehreren west- und nordeuropäischen Ländern eine „Hacker“- oder (der damaligen Selbstbezeichnung folgend) „Cracking“-Szene, die Computerspiele kopierte und tauschte. Anhand von Magazinen und publizierten Interviews der Akteure wird gezeigt, dass diese Szene zu einer wichtigen Strömung im Spektrum jugendlicher Subkulturen wurde – mit spezifischen Leitbildern und (Männlichkeits-)Ritualen. Ihre Mitglieder waren nicht etwa einsame Nerds, sondern entwickelten eigene Gemeinschafts- und Kommunikationsformen. Diese Szene verstand sich nicht als eine politische Gegenkultur; sie war vielmehr Teil der sich ausdifferenzierenden Populär- und Konsumkultur der 1980er-Jahre. Ab etwa 1990, als Software-Piraterie stärker verfolgt wurde, trat die Computer-Subkultur in den Hintergrund, wirkte jedoch nach – im Bereich der Computergrafik, in der elektronischen Musik und der wachsenden IT-Branche.},
  keywords     = {gaming culture, computer underground, computer history},
  publisher    = {Vandenhoeck & Ruprecht GmbH & Co. KG},
}

@Online{rzr-nfo,
  author = {{Razor 1911}},
  date   = {2023-01-26},
  title  = {DOOM Enhanced NFO file},
  url    = {https://www.xrel.to/game-nfo/2769019/DOOM-Enhanced-RAZOR.html},
}

@Misc{razor1911-demozoo,
  author  = {Demozoo},
  title   = {Razor 1911},
  url     = {https://demozoo.org/groups/519/},
  urldate = {2023-05-25},
}

@Software{demoparty-net,
  title   = {demoparty.net},
  url     = {https://demoparty.net},
  urldate = {2023-05-25},
}

@Software{demozoo-org,
  title   = {demozoo.org},
  url     = {https://demozoo.org/},
  urldate = {2023-09-13},
}

@Online{c64-image,
  author = {Evan Amos},
  date   = {2017-02-14},
  title  = {Commodore 64},
  url    = {https://de.wikipedia.org/wiki/Datei:Commodore-64-Computer-FL.png},
  note   = {Gemeinfrei},
}

@Online{datasette-image,
  author = {Evan Amos},
  date   = {2016-12-28},
  title  = {Commodore Datasette},
  url    = {https://commons.wikimedia.org/wiki/File:Commodore-Datasette-C2N-Mk1-Front.jpg},
  note   = {Gemeinfrei},
}

@Software{kkrunchy,
  author   = {{ryg/Farbrausch}},
  title    = {kkrunchy},
  subtitle = {pretty good executable compression},
  url      = {https://github.com/farbrausch/fr_public},
  urldate  = {2023-05-26},
}

@Software{crinkler,
  author  = {Rune L. H. Stubbe and Aske Simon Christensen},
  title   = {Crinkler},
  url     = {https://github.com/runestubbe/Crinkler},
  urldate = {2023-05-26},
}

@Software{shadertoy,
  author  = {Inigo Quilez and Pol Jeremias},
  title   = {Shadertoy},
  url     = {https://www.shadertoy.com/},
  urldate = {2023-05-26},
}

@Software{scene-org,
  author  = {{The International Scene Organization ry.}},
  title   = {scene.org},
  url     = {https://files.scene.org},
  urldate = {2023-09-06},
}

@Article{4sceners-list,
  author       = {Bobic},
  date         = {2006-12-08},
  journaltitle = {4sceners.de},
  title        = {4sceners.de},
  url          = {https://www.4players.de/rendersite.php?LAYOUT=dispbericht&world=4sceners&BERICHTID=5066},
}

@Software{rzr-la-parade,
  author = {{Razor 1911}},
  date   = {2022-02-13},
  title  = {La Parade},
  url    = {https://www.pouet.net/prod.php?which=90962},
}

@Software{edge-of-disgrace,
  author  = {{Booze Design}},
  date    = {2008-10},
  title   = {Edge of Disgrace},
  url     = {https://www.pouet.net/prod.php?which=51983},
  urldate = {2023-06-01},
}

@Software{shadertoy-protean-clouds,
  author  = {nimitz},
  date    = {2019-05-27},
  title   = {Protean Clouds},
  url     = {https://www.shadertoy.com/view/3l23Rh},
  urldate = {2023-06-02},
}

@Software{debris,
  author  = {Farbrausch},
  date    = {2007-04-17},
  title   = {fr-041: debris.},
  url     = {https://www.pouet.net/prod.php?which=30244},
  urldate = {2023-06-03},
}

@Software{hardwired,
  author  = {{Crionics} and {The Silents}},
  date    = {1991-12-28},
  title   = {Hardwired},
  url     = {https://www.pouet.net/prod.php?which=981},
  urldate = {2023-06-03},
}

@Online{ultimate-soundtracker,
  author  = {cazzozzo},
  date    = {2009-08-26},
  title   = {The Ultimate Soundtracker - First tracker ever},
  url     = {https://www.youtube.com/watch?v=5ywaCR5Tg4A},
  urldate = {2023-06-03},
}

@Online{dkong,
  author  = {Jason Scott},
  title   = {Apple II Crack Screens},
  url     = {http://www.textfiles.com/artscene/intros/APPLEII/},
  urldate = {2023-06-04},
}

@Online{red-sector,
  author  = {{Red Sector Incorporated}},
  title   = {Red Sector Incorporated [RSI] 01},
  url     = {https://intros.c64.org/intro/rsi-01},
  urldate = {2023-06-04},
}

@Software{second-reality,
  author  = {{Future Crew}},
  date    = {1993-10-07},
  title   = {Second Reality},
  url     = {https://www.pouet.net/prod.php?which=63},
  urldate = {2023-06-04},
}

@Book{real-time,
  author    = {Lassi Tasajärvi},
  date      = {Sep 2004},
  title     = {Demoscene: The Art of Real-Time},
  isbn      = {978-952-91-7022-7},
  pagetotal = {72},
  publisher = {Even Lake Studios},
}

@InBook{real-time-gathering,
  author     = {Bent Stamnes},
  booktitle  = {Demoscene: The Art of Real-Time},
  date       = {Sep 2004},
  title      = {Computer Parties},
  bookauthor = {Lassi Tasajärvi},
  isbn       = {978-952-91-7022-7},
  pages      = {45-54},
  publisher  = {Even Lake Studios},
  subtitle   = {Case: The Gathering},
  pagetotal  = {72},
}

@Misc{revision-firsttime,
    author = {{Tastatur und Maus e.V.}},
    title = {Revision 2023: First-time visitor information},
    url = {https://2023.revision-party.net/about/firsttime/},
    urldate = {2023-09-06},
}

@Misc{revision-graphics,
  author  = {{Tastatur und Maus e.V.}},
  title   = {Revision 2023: Graphics competitions},
  url     = {https://2023.revision-party.net/competitions/graphics/},
  urldate = {2023-09-12},
}

@Misc{revision-music,
  author  = {{Tastatur und Maus e.V.}},
  title   = {Revision 2023: Music competitions},
  url     = {https://2023.revision-party.net/competitions/music/},
  urldate = {2023-09-12},
}

@Misc{revision-amiga,
  author  = {{Tastatur und Maus e.V.}},
  title   = {Revision 2023: Amiga competitions},
  url     = {https://2023.revision-party.net/competitions/amiga/},
  urldate = {2023-09-12},
}

@Misc{revision-oldskool,
  author  = {{Tastatur und Maus e.V.}},
  title   = {Revision 2023: Oldskool competitions},
  url     = {https://2023.revision-party.net/competitions/oldskool/},
  urldate = {2023-09-12},
}

@Misc{revision-other,
  author  = {{Tastatur und Maus e.V.}},
  title   = {Revision 2023: Other competitions},
  url     = {https://2023.revision-party.net/competitions/other/},
  urldate = {2023-09-12},
}

@Software{lft-craft,
  author   = {lft},
  date     = {2008-03},
  title    = {{Craft}},
  location = {Breakpoint},
  url      = {https://www.pouet.net/prod.php?which=50141},
  urldate  = {2023-09-12},
}

@Software{lft-parallelogram,
  author   = {lft},
  date     = {2012-04},
  title    = {{Parallelogram}},
  location = {Revision},
  url      = {https://www.pouet.net/prod.php?which=59100},
  urldate  = {2023-09-12},
}

@Software{tvt-youscope,
  author   = {TVT},
  date     = {2007-08},
  title    = {{Youscope}},
  location = {Assembly},
  url      = {https://www.pouet.net/prod.php?which=31592},
  urldate  = {2023-09-12},
}

@Software{reflex-freespin,
  author   = {Reflex},
  date     = {2021-07},
  title    = {{Freespin}},
  location = {Gubbdata},
  url      = {https://www.pouet.net/prod.php?which=89362},
  urldate  = {2023-09-12},
}

@Software{haujobb-payback,
  author   = {Haujobb},
  date     = {2010-08},
  title    = {{Payback}},
  location = {Evoke},
  url      = {https://www.pouet.net/prod.php?which=55757},
  urldate  = {2023-09-12},
}

@Software{holtsetio-mysql-raytracer,
  author   = {Holtsetio},
  date     = {2019-10},
  title    = {{MySQL Raytracer}},
  location = {Deadline},
  url      = {https://www.pouet.net/prod.php?which=83222},
  urldate  = {2023-09-12},
}

@Misc{rpi-anniversary,
  author       = {Eben Upton},
  date         = {2022-02-28},
  title        = {Happy Birthday to us},
  organization = {Raspberry Pi Ltd.},
  url          = {https://www.raspberrypi.com/news/happy-birthday-to-us-3/},
  urldate      = {2023-09-14},
}

@Manual{amiga-manual,
  author = {{Commodore-Amiga Inc.}},
  date   = {1987},
  title  = {{Amiga Manual: Introduction to the Amiga 500}},
  url    = {https://archive.org/details/Introduction_to_the_Amiga_500_1987_Commodore_a},
}

@Misc{dubmood-comply,
  author  = {Dubmood and {MASTER BOOT RECORD}},
  date    = {2022-07-08},
  title   = {Comply},
  url     = {https://youtu.be/Tq8DczkpU1M},
  urldate = {2023-09-16},
}

@Misc{remedy-futurecrew,
  author  = {{Remedy Entertainment}},
  date    = {2020-04-15},
  url     = {https://twitter.com/remedygames/status/1250444995200417792},
  urldate = {2023-09-17},
}

@Misc{dice-silents,
  author  = {{HYPE.se}},
  date    = {2017-09-09},
  title   = {Digital Illusions fyller 25 år},
  url     = {https://hype.se/2017/09/09/digital-illusions-fyller-25-ar/},
  urldate = {2023-09-17},
}

@Misc{unesco,
  author     = {{German Commision for UNESCO}},
  date       = {2021},
  title      = {{Demoscene – Culture of Digital Real-time Animations}},
  titleaddon = {Nationwide Inventory of Intangible Cultural Heritage},
  url        = {https://www.unesco.de/en/culture-and-nature/intangible-cultural-heritage/demoscene-culture-digital-real-time-animations},
  urldate    = {2023-09-17},
}

@Article{infoworld-c64,
  author       = {Scott Mace},
  date         = {1982-02},
  journaltitle = {{InfoWorld}},
  title        = {{Consumer Electronics Show wows Vegas}},
  number       = {4},
  url          = {https://books.google.de/books?id=dT4EAAAAMBAJ&pg=PA1},
  volume       = {4},
}

@book{hackers,
    author = {Steven Levy},
    title = {{Hackers: Heroes of the Computer Revolution}},
    year = {1984},
    isbn = {0-385-19195-2},
    publisher = {Doubleday},
}

@Comment{jabref-meta: databaseType:biblatex;}

@Comment{jabref-meta: fileDirectoryLatex-nzbr-PULSAR:C:\\Users\\nzbr\\Documents\\Uni\\Proseminar;}
