@Software{ctan-algorithmicx,
  author   = {Szász János},
  title    = {algorithmicx},
  subtitle = {The algorithmic style you always wanted},
  url      = {https://www.ctan.org/pkg/algorithmicx},
  urldate  = {2023-07-10},
  license  = {GNU General Public License},
}

@Software{pandoc,
  author   = {John McFarlane},
  title    = {Pandoc},
  subtitle = {a universal document converter},
  url      = {https://pandoc.org/MANUAL.html},
  urldate  = {2023-07-10},
}

@Software{pypi-panflute,
  author   = {Sergio Correia},
  title    = {Panflute},
  subtitle = {Pythonic Pandoc Filters},
  url      = {https://pypi.org/project/panflute/},
  urldate  = {2023-07-10},
}

@Comment{jabref-meta: databaseType:biblatex;}

@Comment{jabref-meta: fileDirectoryLatex-nzbr-pulsar:C:\\Users\\nzbr\\Documents\\Uni\\Proseminar\\out;}

@Comment{jabref-meta: saveActions:disabled;
all-text-fields[identity]
date[normalize_date]
month[normalize_month]
pages[normalize_page_numbers]
;}
