@Book{latex,
    author    = {Leslie Lamport},
    publisher = {Pearson / Prentice Hall},
    title     = {\LaTeX - {A} Document Preparation System: User's Guide and Reference Manual, Second Edition},
    year      = {1994},
    isbn      = {978-0-201-52983-8},
    bibsource = {dblp computer science bibliography, https://dblp.org},
    biburl    = {https://dblp.org/rec/books/daglib/0023602.bib},
}
